@website{ons,
title={http://www.ons.gov.uk/ons/rel/rdit2/internet-access---households-and-individuals/2014/sty-digital-day-2014.html Access Date 10/08/2014}
}

@website{uszipcode,
title={https://tools.usps.com/go/ZipLookupAction!input.action Access Date 10/09/2015}
}
@incollection{li2013customized,
  title={A customized services model based on web applications in cloud computing environment},
  author={Li, Kunqiong and Fang, Yuan and Tang, Huali and Liu, Xiao and Liang, Jishen},
  booktitle={Informatics and Management Science IV},
  pages={433--438},
  year={2013},
  publisher={Springer}
}
@article{kambatla2014trends,
  title={Trends in big data analytics},
  author={Kambatla, Karthik and Kollias, Giorgos and Kumar, Vipin and Grama, Ananth},
  journal={Journal of Parallel and Distributed Computing},
  volume={74},
  number={7},
  pages={2561--2573},
  year={2014},
  publisher={Elsevier}
}
@article{colesca2015understanding,
  title={Understanding trust in e-government},
  author={Colesca, Sofia Elena},
  journal={Engineering Economics},
  volume={63},
  number={4},
  year={2015}
}
@article{bigdataone,
  title={Big data, analytics and the path from insights to value},
  author={LaValle, Steve and Lesser, Eric and Shockley, Rebecca and Hopkins, Michael  and Kruschwitz, Nina},
  journal={MIT Sloan Management Review},
  volume={21},
  year={2013}
}
@article{berthon2012marketing,
  title={Marketing meets Web 2.0, social media, and creative consumers: Implications for international marketing strategy},
  author={Berthon, Pierre R and Pitt, Leyland F and Plangger, Kirk and Shapiro, Daniel},
  journal={Business horizons},
  volume={55},
  number={3},
  pages={261--271},
  year={2012},
  publisher={Elsevier}
}
@article{zhao2012design,
  title={The design, implementation and usage analysis of an event-based consumer mashup system},
  author={Zhao, Zhenzhen and Crespi, Noel and Bhattarai, Sirsha},
  journal={International Journal of Web and Grid Services},
  volume={8},
  number={2},
  pages={173--199},
  year={2012},
  publisher={Inderscience Publishers}
}
@article{liu2011composing,
  title={Composing enterprise mashup components and services using architecture integration patterns},
  author={Liu, Yan and Liang, Xin and Xu, Lingzhi and Staples, Mark and Zhu, Liming},
  journal={Journal of Systems and Software},
  volume={84},
  number={9},
  pages={1436--1446},
  year={2011},
  publisher={Elsevier}
}
@book{webcompaign,
  title={The Internet and national elections: A comparative study of Web campaigning},
  author={Kluver, Randolph and Jankowski, Nicholas and Foot, Kirsten and Schneider, Steven },
  year={2014},
  publisher={Routledge}
}
@article{mesbah2012crawling,
  title={Crawling Ajax-based web applications through dynamic analysis of user interface state changes},
  author={Mesbah, Ali and van Deursen, Arie and Lenselink, Stefan},
  journal={ACM Transactions on the Web (TWEB)},
  volume={6},
  number={1},
  pages={3},
  year={2012},
  publisher={ACM}
}
@article{chen2014retracted,
  title={RETRACTED: On dynamic access control in web 2.0 and cloud interactive information hub: trends and theories},
  author={Chen, Chen-Yuan and Chang, Chin-Jui and Lin, Chun-Hung},
  journal={Journal of Vibration and Control},
  volume={20},
  number={4},
  pages={548--560},
  year={2014},
  publisher={SAGE Publications}
}
@article{boateng2014web,
  title={Web 2.0 applications' usage and trends in top US academic libraries},
  author={Boateng, Frank and Quan Liu, Yan},
  journal={Library Hi Tech},
  volume={32},
  number={1},
  pages={120--138},
  year={2014},
  publisher={Emerald Group Publishing Limited}
}
@article{aghaei2012evolution,
  title={Evolution of the world wide web: from Web 1.0 to Web 4.0},
  author={Aghaei, Sareh and Nematbakhsh, Mohammad Ali and Farsani, Hadi Khosravi},
  journal={International Journal of Web \& Semantic Technology},
  volume={3},
  number={1},
  pages={1--10},
  year={2012},
  publisher={Academy \& Industry Research Collaboration Center (AIRCC)}
}
@article{shang2011understanding,
  title={Understanding Web 2.0 service models: A knowledge-creating perspective},
  author={Shang, Shari SC and Li, Eldon Y and Wu, Ya-Ling and Hou, Oliver CL},
  journal={Information \& Management},
  volume={48},
  number={4},
  pages={178--184},
  year={2011},
  publisher={Elsevier}
}
@article{3,
  title={Understanding Web 2.0},
  author={Murugesan, San},
  journal={IT professional},
  volume={9},
  number={4},
  pages={34--41},
  year={2007},
  publisher={IEEE}
}
@article{patel2014enhance,
  title={Enhance Business Promotion for Enterprises with Mashup Technology},
  author={Patel, Ahmed and Al-Shourbaji, Brahim and Al-Janabi, Samaher Hussein Ali},
  journal={Middle-East Journal of Scientific Research},
  volume={22},
  number={2},
  pages={291--299},
  year={2014}
}
@inproceedings{4,
  title={Introducing an agile method for enterprise mash-up component development},
  author={Ketter, Wolfgang and Banjanin, Marko and Guikers, Rob and Kayser, Alfred},
  booktitle={Commerce and Enterprise Computing, 2009. CEC'09. IEEE Conference on},
  pages={293--300},
  year={2009},
  organization={IEEE}
}
@inproceedings{5,
  title={Enterprise 2.0 rreadiness index},
  author={Ram{\'\i}rez-Medina, Jorge},
  booktitle={Management of Engineering \& Technology, 2009. PICMET 2009. Portland International Conference on},
  pages={2677--2684},
  year={2009},
  organization={IEEE}
}
@article{6,
  title={Information visualization},
  author={Spence, Robert and Press,},
  year={2000},
  publisher={$\{$Addison Wesley$\}$}
}
@article{7,
  title={Multiple coordinated views for searching and navigating web content repositories},
  author={Hubmann-Haidvogel, Alexander and Scharl, Arno and Weichselbraun, Albert},
  journal={Information Sciences},
  volume={179},
  number={12},
  pages={1813--1821},
  year={2009},
  publisher={Elsevier}
}
@inproceedings{8,
  title={Snap-together visualization: a user interface for coordinating visualizations via relational schemata},
  author={North, Chris and Shneiderman, Ben},
  booktitle={Proceedings of the working conference on Advanced visual interfaces},
  pages={128--135},
  year={2000},
  organization={ACM}
}
@inproceedings{9,
  title={The impact of multiple coordinated views on the visual data exploration and analysis},
  author={Maciel, MDPDS and Meiguins, Bianchi Serique and Loureno, and Meiguins,  and Godinho, },
  booktitle={Information Visualisation, 2008. IV'08. 12th International Conference},
  pages={113--119},
  year={2008},
  organization={IEEE}
}
@article{eick1999visualizing,
  title={Visualizing multi-dimensional data with ADVISOR/2000},
  author={Eick, Stephen},
  journal={Visual Insights},
  year={1999}
}
@article{11,
  title={Polaris: A system for query, analysis, and visualization of multidimensional relational databases},
  author={Stolte, Chris and Tang, Diane and Hanrahan, Pat},
  journal={Visualization and Computer Graphics, IEEE Transactions on},
  volume={8},
  number={1},
  pages={52--65},
  year={2002},
  publisher={IEEE}
}
@book{12,
  title={Visual data mining},
  author={Keim, Daniel and M{\"u}ller, Wolfgang and Schumann, Heidrun},
  year={1997},
  publisher={Bibliothek der Universit{\"a}t Konstanz}
}
@inproceedings{13,
  title={An information visualization tool with multiple coordinated views for network traffic analysis},
  author={da Silva Kauer, Andre Luiz and Meiguins, Bianchi Serique and Carmo, Ricardo Melo Casseb and de Brito Garcia, Marcelo and Meiguins, Aruanda Sim{\~o}es Gon{\c{c}}alves},
  booktitle={Information Visualisation, 2008. IV'08. 12th International Conference},
  pages={151--156},
  year={2008},
  organization={IEEE}
}

@inproceedings{14,
  title={Pixel bar charts: A new technique for visualizing large multi-attribute data sets without aggregation},
  author={Keim, Daniel and Hao, Ming and Dayal, Umesh and Hsu, Meichun and Ladisch, Julain},
  booktitle={Information Visualization, IEEE Symposium on},
  pages={113--114},
  year={2001},
  organization={IEEE Computer Society}
}

@phdthesis{fry,
  title={Computational information design},
  author={Fry, Benjamin Jotham},
  year={2004},
  school={Massachusetts Institute of Technology}
}
@book{visual_anal,
  title={Visual analytics: Scope and challenges},
  author={Keim, Daniel and Mansmann, Florian and Schneidewind, J{\"o}rn and Thomas, Jim and Ziegler, Hartmut},
  year={2008},
  publisher={Springer}
}

@website{worldbank,
title={http://data.worldbank.org/ Access Date 12/10/2014}
}
@article{chen2014big,
  title={Big data: A survey},
  author={Chen, Min and Mao, Shiwen and Liu, Yunhao},
  journal={Mobile Networks and Applications},
  volume={19},
  number={2},
  pages={171--209},
  year={2014},
  publisher={Springer}
}
@article{di2013data,
  title={Data acquisition systems},
  author={Di Paolo Emilio, Maurizio},
  year={2013},
  publisher={Springer}
}
@article{gantz2012digital,
  title={The digital universe in 2020: Big data, bigger digital shadows, and biggest growth in the far east},
  author={Gantz, John and Reinsel, David},
  journal={IDC iView: IDC Analyze the Future},
  volume={2007},
  pages={1--16},
  year={2012}
}
@article{wu2014data,
  title={Data mining with big data},
  author={Wu, Xindong and Zhu, Xingquan and Wu, Gong-Qing and Ding, Wei},
  journal={Knowledge and Data Engineering, IEEE Transactions on},
  volume={26},
  number={1},
  pages={97--107},
  year={2014},
  publisher={IEEE}
}
@article{manyika2011big,
  title={Big data: The next frontier for innovation, competition, and productivity},
  author={Manyika, James and Chui, Michael and Brown, Brad and Bughin, Jacques and Dobbs, Richard and Roxburgh, Charles and Byers, Angela H},
  year={2011}
}
@article{mccune1998data,
  title={Data, data everywhere},
  author={McCune, Jenny},
  journal={Management Review},
  volume={87},
  number={10},
  pages={10--12},
  year={1998},
  publisher={Aslib Gower}
}
@article{mobasher2000automatic,
  title={Automatic personalization based on web usage mining},
  author={Mobasher, Bamshad and Cooley, Robert and Srivastava, Jaideep},
  journal={Communications of the ACM},
  volume={43},
  number={8},
  pages={142--151},
  year={2000},
  publisher={ACM}
}

@article{wang2015design,
  title={Design and Implementation of a Web Usage Mining Model Based On Upgrowth and Preflxspan},
  author={Wang, Hengshan and Yang, Cheng and Zeng, Hua},
  journal={Communications of the IIMA},
  volume={6},
  number={2},
  pages={10},
  year={2015}
}
@article{gupta2014journey,
  title={Journey from Data Mining to Web Mining to Big Data},
  author={Gupta, Richa},
  journal={arXiv preprint arXiv:1404.4140},
  year={2014}
}
@book{larose2014discovering,
  title={Discovering knowledge in data: an introduction to data mining},
  author={Larose, Daniel T},
  year={2014},
  publisher={John Wiley \& Sons}
}
@article{garcia2014using,
  title={Using informal learning for business decision making and knowledge management},
  author={Garc{\'\i}a-Pe{\~n}alvo, Francisco J and Conde, Miguel {\'A}},
  journal={Journal of Business Research},
  volume={67},
  number={5},
  pages={686--691},
  year={2014},
  publisher={Elsevier}
}
@website{ecoweb,
title={http://www.economist.com/blogs/dailychart/2011/11/big-data-0 Access Date 23/08/2014}
}
@book{mesurementsystems,
  title={Measurement systems},
  author={Doebelin, Ernest },
  year={1983},
  publisher={McGraw-Hill}
}
@inproceedings{chen2011essential,
  title={Essential roles of exploiting internal parallelism of flash memory based solid state drives in high-speed data processing},
  author={Chen, Feng and Lee, Rubao and Zhang, Xiaodong},
  booktitle={High Performance Computer Architecture (HPCA), 2011 IEEE 17th International Symposium on},
  pages={266--277},
  year={2011},
  organization={IEEE}
}
@inproceedings{mininghighspeed,
  title={Mining high-speed data streams},
  author={Domingos, Pedro and Hulten, Geoff},
  booktitle={Proceedings of the sixth ACM SIGKDD international conference on Knowledge discovery and data mining},
  pages={71--80},
  year={2000},
  organization={ACM}
}
@misc{storager,
  title={Dynamically reconfigurable data storage system with storage system controllers selectively operable as channel adapters on storage device adapters},
  author={Alterescu, Bruno and Castel, Daniel and Vishlitzky, Natan and Yanai, Moshe},
  year={1993},
  month=dec # "~7",
  publisher={Google Patents},
  note={Patent US5269011}
}
@book{basicbusiness,
  title={Basic business statistics: Concepts and applications},
  author={Berenson, Mark and others},
  year={1998},
  publisher={Prentice Hall PTR}
}
@book{munzert2015automated,
  title={Automated data collection with R: A practical guide to web scraping and text mining},
  author={Munzert, Simon and Rubba, Christian and Mei{\ss}ner, Peter and Nyhuis, Dominic},
  year={2015},
  publisher={John Wiley \& Sons}
}
@book{albright2014business,
  title={Business Analytics: Data Analysis \& Decision Making},
  author={Albright, S and Winston, Wayne},
  year={2014},
  publisher={Cengage Learning}
}

@article{bertsimas2014introduction,
  title={Introduction to the special issue on business analytics},
  author={Bertsimas, Dimitris and Bradlow, Eric and Gans, Noah and Gupta, Alok},
  journal={Management Science},
  volume={60},
  number={6},
  pages={1351--1351},
  year={2014},
  publisher={INFORMS}
}

@inproceedings{melpignano2012platform,
  title={Platform 2012, a many-core computing accelerator for embedded SoCs: performance evaluation of visual analytics applications},
  author={Melpignano, Diego and Benini, Luca and Flamand, Eric and Jego, Bruno and Lepley, Thierry and Haugou, Germain and Clermidy, Fabien and Dutoit, Denis},
  booktitle={Proceedings of the 49th Annual Design Automation Conference},
  pages={1137--1142},
  year={2012},
  organization={ACM}
}
@article{tahir2014geovisual,
  title={A geovisual analytics approach for mouse movement analysis},
  author={Tahir, Ali and McArdle, Gavin and Bertolotto, Michela},
  journal={International Journal of Data Mining, Modelling and Management},
  volume={6},
  number={4},
  pages={315--332},
  year={2014},
  publisher={Inderscience Publishers}
}
@article{zhang2014visual,
  title={Visual analysis design to support research into movement and use of space in Tallinn: A case study},
  author={Zhang, Qiuju and Slingsby, Aidan and Dykes, Jason and Wood, Jo and Kraak, Menno-Jan and Blok, Connie A and Ahas, Rein},
  journal={Information Visualization},
  volume={13},
  number={3},
  pages={213--231},
  year={2014},
  publisher={SAGE Publications}
}
@article{khandelwal2014multi,
  title={A Multi-dimensional Data Plotting Model Using Hybrid Parallel Coordinates Based Visualization},
  author={Khandelwal, Ketan and Trivedi, Prakriti},
  journal={International Journal of Advanced Research in Computer Science},
  volume={5},
  number={5},
  year={2014},
  publisher={International Journal of Advanced Research in Computer Science}
}
@inproceedings{abraham2014multi,
  title={Multi-Attribute Decision-Making and Data Visualization for Multi-Disciplinary Group Building Project Decisions},
  author={Abraham, K and Flager, F and Macedo, J and Gerber, D and Lepech, M},
  year={2014},
  organization={Working Paper Series, Proceedings of the Engineering Project Organization Conference, Winter Park, CO}
}
@article{wilkinson2009history,
  title={The history of the cluster heat map},
  author={Wilkinson, Leland and Friendly, Michael},
  journal={The American Statistician},
  volume={63},
  number={2},
  year={2009}
}
@article{yadav2015web,
  title={Web Content Mining Applications and Methods-A Survey},
  author={Yadav, Roma and Tandan, SR},
  journal={Software Engineering and Technology},
  volume={7},
  number={6},
  pages={164--175},
  year={2015}
}
@article{renu2014implementation,
  title={Implementation of Web Structure Mining with Breadth First Search and Depth First Search},
  author={Renu, Tanu Verma and Gaur, Deepti},
  journal={International Journal of Applied},
  volume={7},
  number={2},
  pages={19--21},
  year={2014}
}
@inproceedings{claiborne2015self,
  title={Self-image congruence as a model of consumer attitude formation and behavior: A conceptual review and guide for future research},
  author={Claiborne, CB and Sirgy, M Joseph},
  booktitle={Proceedings of the 1990 Academy of Marketing Science (AMS) Annual Conference},
  pages={1--7},
  year={2015},
  organization={Springer}
}
@misc{gargi2014dynamic,
  title={Dynamic data navigation},
  author={Gargi, Ullas},
  year={2014},
  month=oct # "~7",
  publisher={Google Patents},
  note={US Patent 8,856,105}
}
@website{gartnerweb,
title={http://www.gartner.com/it-glossary/data-mining Access Date 11/02/2015}}
@article{raju2014data,
  title={Data mining: Techniques for Enhancing Customer Relationship Management in Banking and Retail Industries},
  author={Raju, P Salman and Bai, V Rama and Chaitanya, G Krishna},
  journal={International Journal of Innovative Research in Computer and Communication Engineering},
  volume={2},
  number={1},
  pages={2650--2657},
  year={2014}
}
@book{berry1997data,
  title={Data mining techniques: for marketing, sales, and customer support},
  author={Berry, Michael and Linoff, Gordon},
  year={1997},
  publisher={John Wiley \& Sons, Inc.}
}
@article{berners2001semantic,
  title={The semantic Web},
  author={Berners-Lee, Tim and Hendler, James and Lassila, Ora and others},
  journal={Scientific American},
  volume={284},
  number={5},
  pages={28--37},
  year={2001},
  publisher={New York, NY, USA:}
}
@book{liu2007web,
  title={Web data mining},
  author={Liu, Bing},
  year={2007},
  publisher={Springer}
}
@article{srivastava2000web,
  title={Web usage mining: Discovery and applications of usage patterns from web data},
  author={Srivastava, Jaideep and Cooley, Robert and Deshpande, Mukund and Tan, Pang-Ning},
  journal={ACM SIGKDD Explorations Newsletter},
  volume={1},
  number={2},
  pages={12--23},
  year={2000},
  publisher={ACM}
}
@book{o2009web,
  title={What is Web 2.0},
  author={O'Reilly, Tim},
  year={2009},
  publisher={O'Reilly Media, Inc.}
}
@article{kosala2000web,
  title={Web mining research: A survey},
  author={Kosala, Raymond and Blockeel, Hendrik},
  journal={ACM Sigkdd Explorations Newsletter},
  volume={2},
  number={1},
  pages={1--15},
  year={2000},
  publisher={ACM}
}


@incollection{mobasher2000integrating,
  title={Integrating web usage and content mining for more effective personalization},
  author={Mobasher, Bamshad and Dai, Honghua and Luo, Tao and Sun, Yuqing and Zhu, Jiang},
  booktitle={Electronic commerce and web technologies},
  pages={165--176},
  year={2000},
  publisher={Springer}
}
@book{chen1999information,
  title={Information visualisation and virtual environments},
  author={Chen, Chaomei},
  year={1999},
  publisher={Springer Verlag}
}
@article{carr1999guidelines,
  title={Guidelines for designing information visualization applications},
  author={Carr, David},
  journal={Proceedings of ECUE},
  volume={99},
  pages={1--3},
  year={1999}
}

@inproceedings{wang2000guidelines,
  title={Guidelines for using multiple views in information visualization},
  author={Wang Baldonado, Michelle and Woodruff, Allison and Kuchinsky, Allan},
  booktitle={Proceedings of the working conference on Advanced visual interfaces},
  pages={110--119},
  year={2000},
  organization={ACM}
}
@inproceedings{north2000snap,
  title={Snap-together visualization: a user interface for coordinating visualizations via relational schemata},
  author={North, Chris and Shneiderman, Ben},
  booktitle={Proceedings of the working conference on Advanced visual interfaces},
  pages={128--135},
  year={2000},
  organization={ACM}
}
@inproceedings{pillat2006coordinating,
  title={Coordinating views in the InfoVis toolkit},
  author={Pillat, Raquel and Freitas, Carla},
  booktitle={Proceedings of the working conference on Advanced visual interfaces},
  pages={496--499},
  year={2006},
  organization={ACM}
}
@article{stolte2002polaris,
  title={Polaris: A system for query, analysis, and visualization of multidimensional relational databases},
  author={Stolte, Chris and Tang, Diane and Hanrahan, Pat},
  journal={Visualization and Computer Graphics, IEEE Transactions on},
  volume={8},
  number={1},
  pages={52--65},
  year={2002},
  publisher={IEEE}
}
@website{tableau,
title={http://www.tableausoftware.com/ Access Date 21/11/2014}
}

@website{spotfire,
title={http://spotfire.tibco.com/ Access Date 05/09/2014}
{05/05/2013}
}
@article{keim2002pixel,
  title={Pixel bar charts: a visualization technique for very large multi-attribute data sets†},
  author={Keim, Daniel and Hao, Ming and Dayal, Umesh and Hsu, Meichun},
  journal={Information Visualization},
  volume={1},
  number={1},
  pages={20--34},
  year={2002},
  publisher={SAGE Publications}
}
@article{keim1994visdb,
  title={VisDB: Database exploration using multidimensional visualization},
  author={Keim, Daniel and Kriegel,},
  journal={Computer Graphics and Applications, IEEE},
  volume={14},
  number={5},
  pages={40--49},
  year={1994},
  publisher={IEEE}
}
@article{eick1992seesoft,
  title={Seesoft-a tool for visualizing line oriented software statistics},
  author={Eick, Stephen  and Steffen, Joseph  and Sumner, Eric },
  journal={Software Engineering, IEEE Transactions on},
  volume={18},
  number={11},
  pages={957--968},
  year={1992},
  publisher={IEEE}
}
@article{keim2007value,
  title={Value-cell bar charts for visualizing large transaction data sets},
  author={Keim, Daniel and Hao, Ming  and Dayal, Umeshwar and Lyons, Martha},
  journal={Visualization and Computer Graphics, IEEE Transactions on},
  volume={13},
  number={4},
  pages={822--833},
  year={2007},
  publisher={IEEE}
}
@article{butler1996multimedia,
  title={Multimedia presentations and learning: A laboratory experiment},
  author={Butler, Janet and Mautz,},
  journal={Issues in Accounting Education},
  volume={11},
  pages={259--280},
  year={1996},
  publisher={THE AMERICAN ACCOUNTING ASSOCIATION}
}
@article{basole2014visual,
  title={Visual business ecosystem intelligence: Lessons from the field},
  author={Basole, Rahul C},
  journal={IEEE computer graphics and applications},
  number={5},
  pages={26--34},
  year={2014},
  publisher={IEEE}
}
@website{survey1,
title={http://www.visualteachingalliance.com/ Access Date 20/11/2014 }
}
@article{koch2006much,
  title={How< i> Much</i> the Eye Tells the Brain},
  author={Koch, Kristin and McLean, Judith and Segev, Ronen and Freed, Michael  and Berry II, Michael  and Balasubramanian, Vijay and Sterling, Peter},
  journal={Current Biology},
  volume={16},
  number={14},
  pages={1428--1434},
  year={2006},
  publisher={Elsevier}
}
@website{ibmcognos,
title={http://www-01.ibm.com/software/uk/analytics/cognos/ Access Date 01/07/2014 }
}
@inproceedings{roberts2007state,
  title={State of the art: Coordinated \& multiple views in exploratory visualization},
  author={Roberts, Jonathan },
  booktitle={Coordinated and Multiple Views in Exploratory Visualization, 2007. CMV'07. Fifth International Conference on},
  pages={61--71},
  year={2007},
  organization={IEEE}
}
@article{mothe2003doccube,
  title={DocCube: Multi-dimensional visualisation and exploration of large document sets},
  author={Mothe, Josiane and Chrisment, Claude and Dousset, Bernard and Alaux, Joel},
  journal={Journal of the American Society for Information Science and Technology},
  volume={54},
  number={7},
  pages={650--659},
  year={2003},
  publisher={Wiley Online Library}
}
@inproceedings{shneiderman1996eyes,
  title={The eyes have it: A task by data type taxonomy for information visualizations},
  author={Shneiderman, Ben},
  booktitle={Visual Languages, 1996. Proceedings., IEEE Symposium on},
  pages={336--343},
  year={1996},
  organization={IEEE}
}
@book{andrienko2006exploratory,
  title={Exploratory analysis of spatial and temporal data},
  author={Andrienko, Natalia and Andrienko, Gennady},
  year={2006},
  publisher={Springer}
}
@article{maceachren2005visualizing,
  title={Visualizing geospatial information uncertainty: What we know and what we need to know},
  author={MacEachren, Alan  and Robinson, Anthony and Hopper, Susan and Gardner, Steven and Murray, Robert and Gahegan, Mark and Hetzler, Elisabeth},
  journal={Cartography and Geographic Information Science},
  volume={32},
  number={3},
  pages={139--160},
  year={2005},
  publisher={Taylor \& Francis}
}
@inproceedings{skupin2000metaphor,
  title={From metaphor to method: Cartographic perspectives on information visualization},
  author={Skupin, Andr{\'e}},
  booktitle={Information Visualization, 2000. InfoVis 2000. IEEE Symposium on},
  pages={91--97},
  year={2000},
  organization={IEEE}
}
@article{slocum2001cognitive,
  title={Cognitive and usability issues in geovisualization},
  author={Slocum, Terry and Blok, Connie and Jiang, Bin and Koussoulakou, Alexandra and Montello, Daniel and Fuhrmann, Sven and Hedley, Nicholas},
  journal={Cartography and Geographic Information Science},
  volume={28},
  number={1},
  pages={61--75},
  year={2001},
  publisher={Taylor \& Francis}
}
@article{andrienko2003exploratory,
  title={Exploratory spatio-temporal visualization: an analytical review},
  author={Andrienko, Natalia and Andrienko, Gennady and Gatalsky, Peter},
  journal={Journal of Visual Languages \& Computing},
  volume={14},
  number={6},
  pages={503--541},
  year={2003},
  publisher={Elsevier}
}
@article{andrienko2002testing,
  title={Testing the usability of interactive maps in CommonGIS},
  author={Andrienko, Natalia and Andrienko, Gennady and Voss, Hans and Bernardo, Fatima and Hipolito, Joana and Kretchmer, Ursula},
  journal={Cartography and Geographic Information Science},
  volume={29},
  number={4},
  pages={325--342},
  year={2002},
  publisher={Taylor \& Francis}
}
@book{keim2008visual,
  title={Visual analytics: Definition, process, and challenges},
  author={Keim, Daniel and Andrienko, Gennady and Fekete, Jean-Daniel and G{\"o}rg, Carsten and Kohlhammer, J{\"o}rn and Melan{\c{c}}on, Guy},
  year={2008},
  publisher={Springer}
}
@article{haas2011data,
  title={Data is Dead... Without What-If Models.},
  author={Haas, Peter and Maglio, Paul and Selinger, Patricia and Tan, Wang Chiew},
  journal={PVLDB},
  volume={4},
  number={12},
  pages={1486--1489},
  year={2011}
}
@article{shmueli2011predictive,
  title={Predictive analytics in information systems research},
  author={Shmueli, Galit and Koppius, Otto},
  journal={Mis Quarterly},
  volume={35},
  number={3},
  pages={553--572},
  year={2011}
}
@book{davenport2007competing,
  title={Competing on analytics: The new science of winning},
  author={Davenport, Thomas and Harris, Jeanne},
  year={2007},
  publisher={Harvard Business Press}
}
@article{gomez2004ontological,
  title={Ontological engineering},
  author={Gomez-Perez, Asuncion and Fern{\'a}ndez-L{\'o}pez, Mariano and Corcho-Garcia, Oscar},
  journal={Computing Reviews},
  volume={45},
  number={8},
  pages={478--479},
  year={2004}
}
@article{chen2014development,
  title={Development of a remote experiment under a unified remote laboratory framework},
  author={Chen, Xuemin and Osakue, Daniel and Wang, Ning and Parsaei, Hamid and Song, Gangbing},
  journal={QScience Proceedings},
  pages={7},
  year={2014},
  publisher={Bloomsbury Qatar Foundation Journals Qatar}
}
@incollection{naik2015framework,
  title={A Framework for Business Mashup Applications},
  author={Naik, Vijay K},
  booktitle={Engineering the Web in the Big Data Era},
  pages={617--620},
  year={2015},
  publisher={Springer}
}
@article{patel2015novel,
  title={A novel methodology towards a trusted environment in mashup web applications},
  author={Patel, Ahmed and Al-Janabi, Samaher and AlShourbaji, Ibrahim and Pedersen, Jens},
  journal={Computers \& Security},
  volume={49},
  pages={107--122},
  year={2015},
  publisher={Elsevier}
}
@inproceedings{he2014enhancing,
  title={Enhancing Secure Web Mashups Development in Enterprise Environments},
  author={He, Wu},
  booktitle={Enterprise Systems Conference (ES), 2014},
  pages={279--283},
  year={2014},
  organization={IEEE}
}
@inproceedings{gomadam2012data,
  title={Data Enrichment Using Data Sources on the Web.},
  author={Gomadam, Karthik and Yeh, Peter Z and Verma, Kunal},
  booktitle={AAAI Spring Symposium: Intelligent Web Services Meet Social Computing},
  year={2012}
}
@inproceedings{arafati2014d,
  title={D-mash: A framework for privacy-preserving data-as-a-service mashups},
  author={Arafati, Mahtab and Dagher, Gaby G and Fung, Benjamin and Hung, Patrick CK},
  booktitle={Cloud Computing (CLOUD), 2014 IEEE 7th International Conference on},
  pages={498--505},
  year={2014},
  organization={IEEE}
}
@article{fung2012service,
  title={Service-oriented architecture for high-dimensional private data mashup},
  author={Fung, Benjamin and Trojer, Thomas and Hung, Patrick CK and Xiong, Li and Al-Hussaeni, Khalil and Dssouli, Rachida},
  journal={Services Computing, IEEE Transactions on},
  volume={5},
  number={3},
  pages={373--386},
  year={2012},
  publisher={IEEE}
}
@incollection{hoyer2008market,
  title={Market overview of enterprise mashup tools},
  author={Hoyer, Volker and Fischer, Marco},
  booktitle={Service-Oriented Computing--ICSOC 2008},
  pages={708--721},
  year={2008},
  publisher={Springer}
}
@article{yu2008understanding,
  title={Understanding mashup development},
  author={Yu, Jin and Benatallah, Boualem and Casati, Fabio and Daniel, Florian},
  journal={Internet Computing, IEEE},
  volume={12},
  number={5},
  pages={44--52},
  year={2008},
  publisher={IEEE}
}
@inproceedings{zhao2011mashup,
  title={Mashup services to daily activities: end-user perspective in designing a consumer mashups},
  author={Zhao, Zhenzhen and Bhattarai, Sirsha and Liu, Ji and Crespi, Noel},
  booktitle={Proceedings of the 13th International Conference on Information Integration and Web-based Applications and Services},
  pages={222--229},
  year={2011},
  organization={ACM}
}

@inproceedings{de2009process,
  title={Process-oriented enterprise mashups},
  author={de Vrieze, Paul and Xu, Lai and Bouguettaya, Athman and Yang, Jian and Chen, Jinjun},
  booktitle={Grid and Pervasive Computing Conference, 2009. GPC'09. Workshops at the},
  pages={64--71},
  year={2009},
  organization={IEEE}
}
@website{pipes,
title={https://pipes.yahoo.com/pipes/ Access Date 05/02/2014}
}

@article{19,
  title={Web 2.0: compact definition},
  author={O’Reilly, Tim},
  journal={Message posted to http://radar. oreilly. com/archives/2005/10/web\_20\_compact\_definition. html},
  year={2005}
}
@article{webtim,
  title={What is Web 2.0: Design patterns and business models for the next generation of software},
  author={O'Reilly, Tim},
  journal={Communications and Strategies},
  volume={65},
  number={1},
  pages={17--37},
  year={2007}
}
@inproceedings{21,
  title={The Web 2.0 business model and a Web 2.0 enterprise: Google},
  author={Tarcsi,},
  booktitle={Logistics and Industrial Informatics, 2007. LINDI 2007. International Symposium on Logistics and Industrial Informatics},
  pages={143--146},
  year={2007},
  organization={IEEE}
}
@article{22,
  title={Crowdsourcing as a solution to distant search},
  author={Afuah, Allan and Tucci, Christopher},
  journal={Academy of Management Review},
  volume={37},
  number={3},
  pages={355--375},
  year={2012},
  publisher={Academy of Management}
}
@article{23,
  title={Business models for electronic markets},
  author={Timmers, Paul},
  journal={Electronic markets},
  volume={8},
  number={2},
  pages={3--8},
  year={1998},
  publisher={Taylor \& Francis}
}
@misc{24,
  title={Business Models on the Web [EB/OL]},
  author={Rappa,},
  year={2008}
}

@article{sclater2008web,
  title={Web 2.0, personal learning environments, and the future of learning management systems},
  author={Sclater, Niall},
  journal={Research Bulletin},
  volume={13},
  pages={2008--2009},
  year={2008},
  publisher={Pearson}
}
@article{kamel2007emerging,
  title={The emerging Web 2.0 social software: an enabling suite of sociable technologies in health and health care education1},
  author={Kamel Boulos, Maged  and Wheeler, Steve},
  journal={Health Information \& Libraries Journal},
  volume={24},
  number={1},
  pages={2--23},
  year={2007},
  publisher={Wiley Online Library}
}
@website{youtube,
title={http://www.telegraph.co.uk/technology/news/10068258/YouTube-at-8-100-hours-uploaded-every-minute.html Access Date 15/10/2014}
}
@article{vidulin2014combining,
  title={Combining human analysis and machine data mining to obtain credible data relations},
  author={Vidulin, Vedrana and Bohanec, Marko and Gams, Matja{\v{z}}},
  journal={Information Sciences},
  volume={288},
  pages={254--278},
  year={2014},
  publisher={Elsevier}
}
@article{singh2013web,
  title={Web Usage Mining: Discovery Of Mined Data Patterns and their Applications},
  author={Singh, DS and Arun, Avinav Pathak},
  journal={International Journal of Computer Science and Management Research},
  volume={2},
  number={5},
  pages={2423--2429},
  year={2013}
}
@book{auer2007dbpedia,
  title={Dbpedia: A nucleus for a web of open data},
  author={Auer, S{\"o}ren and Bizer, Christian and Kobilarov, Georgi and Lehmann, Jens and Cyganiak, Richard and Ives, Zachary},
  year={2007},
  publisher={Springer}
}
@book{hedges2014statistical,
  title={Statistical method for meta-analysis},
  author={Hedges, Larry V and Olkin, Ingram},
  year={2014},
  publisher={Academic press}
}
@article{urban2014integrated,
  title={Integrated data acquisition, storage, retrieval and processing using the COMPASS DataBase (CDB)},
  author={Urban, J and Pipek, J and Hron, M and Janky, F and Pap{\v{r}}ok, R and Peterka, M and Duarte, AS},
  journal={Fusion Engineering and Design},
  volume={89},
  number={5},
  pages={712--716},
  year={2014},
  publisher={Elsevier}
}
@misc{nandy2014real,
  title={Real-time network analyzer},
  author={Nandy, Biswajit and Seddigh, Nabil and Makkar, Rupinder Singh and Pieda, Peter Steven},
  year={2014},
  month=may # "~27",
  publisher={Google Patents},
  note={US Patent 8,737,235}
}

@book{price2011best,
  title={The best service is no service: how to liberate your customers from customer service, keep them happy, and control costs},
  author={Price, Bill and Jaffe, David},
  year={2011},
  publisher={John Wiley \& Sons}
}
@article{rabl2012solving,
  title={Solving big data challenges for enterprise application performance management},
  author={Rabl, Tilmann and G{\'o}mez-Villamor, Sergio and Sadoghi, Mohammad and Munt{\'e}s-Mulero, Victor and Jacobsen, Hans-Arno and Mankovskii, Serge},
  journal={Proceedings of the VLDB Endowment},
  volume={5},
  number={12},
  pages={1724--1735},
  year={2012},
  publisher={VLDB Endowment}
}
@article{kim2013building,
  title={Building Web 2.0 enterprises: A study of small and medium enterprises in the United States},
  author={Kim, Hee Dae and Lee, In and Lee, Choong Kwon},
  journal={International Small Business Journal},
  volume={31},
  number={2},
  pages={156--174},
  year={2013},
  publisher={SAGE Publications}
}
@article{williams2013enterprise,
  title={Enterprise 2.0 Research: Meeting the challenges of practice},
  author={Williams, Susan P and Hausmann, Verena and Hardy, Catherine A and Schubert, Petra},
  journal={BLED 2013 Proc},
  year={2013}
}
@book{mcafee2013enterprise,
  title={Enterprise 2.0: How to manage social technologies to transform your organization},
  author={McAfee, Andrew},
  year={2013},
  publisher={Harvard Business Press}
}
@article{mcafee2006enterprise,
  title={Enterprise 2.0: The dawn of emergent collaboration},
  author={McAfee, Andrew },
  journal={MIT Sloan management review},
  volume={47},
  number={3},
  pages={21--28},
  year={2006},
  publisher={MIT press}
}
@book{mcafee2009enterprise,
  title={Enterprise 2.0: New collaborative tools for your organization's toughest challenges},
  author={McAfee, Andrew},
  year={2009},
  publisher={Harvard Business Press}
}
@book{berg2004qualitative,
  title={Qualitative research methods for the social sciences},
  author={Berg, Bruce Lawrence and Lune, Howard},
  volume={5},
  year={2004},
  publisher={Pearson Boston}
}
@article{plassmann2007companies,
  title={Why companies should make their customers happy: The neural correlates of customer loyalty},
  author={Plassmann, Hilke and Kenning, Peter and Ahlert, Dieter},
  journal={Advances in Consumer Research},
  volume={34},
  pages={735},
  year={2007},
  publisher={Association for Consumer Research; 1999}
}
@article{chamberlin1976sequel,
  title={SEQUEL 2: A unified approach to data definition, manipulation, and control},
  author={Chamberlin, Donald and Astrahan, Morton and Eswaran, Kapali . and Griffiths, Patricia  and Lorie, Raymond  and Mehl, James  and Reisner, Phyllis and Wade, Bradford },
  journal={IBM Journal of Research and Development},
  volume={20},
  number={6},
  pages={560--575},
  year={1976},
  publisher={IBM}
}
@article{abadi2009data,
  title={Data Management in the Cloud: Limitations and Opportunities.},
  author={Abadi, Daniel },
  journal={IEEE Data Eng. Bull.},
  volume={32},
  number={1},
  pages={3--12},
  year={2009}
}
@book{herlihy1993transactional,
  title={Transactional memory: Architectural support for lock-free data structures},
  author={Herlihy, Maurice and Moss, Eliot},
  volume={21},
  number={2},
  year={1993},
  publisher={ACM}
}
@article{harris2009research,
  title={Research electronic data capture (REDCap)—a metadata-driven methodology and workflow process for providing translational research informatics support},
  author={Harris, Paul  and Taylor, Robert and Thielke, Robert and Payne, Jonathon and Gonzalez, Nathaniel and Conde, Jose },
  journal={Journal of biomedical informatics},
  volume={42},
  number={2},
  pages={377--381},
  year={2009},
  publisher={Elsevier}
}
@book{hair2006multivariate,
  title={Multivariate data analysis},
  author={Hair, Joseph and Tatham, Ronald  and Anderson, Rolph  and Black, William},
  volume={6},
  year={2006},
  publisher={Pearson Prentice Hall Upper Saddle River}
}
@article{golder2006usage,
  title={Usage patterns of collaborative tagging systems},
  author={Golder, Scott and Huberman, Bernardo },
  journal={Journal of information science},
  volume={32},
  number={2},
  pages={198--208},
  year={2006},
  publisher={Sage Publications}
}
@book{hix1993developing,
  title={Developing user interfaces: ensuring usability through product \& process},
  author={Hix, Deborah and Hartson, Rex},
  year={1993},
  publisher={John Wiley \& Sons, Inc.}
}
@inproceedings{wu2010widgetizing,
  title={Widgetizing Communication Services.},
  author={Wu, Xiaotao and Krishnaswamy, Venky},
  booktitle={ICC},
  pages={1--5},
  year={2010}
}
@misc{mail1997postcode,
  title={Postcode Address File},
  author={Mail, Royal},
  year={1997},
  publisher={Post Office, London}
}
@website{royalmail,
title={http://www.poweredbypaf.com/ Access Date 11/02/2014}
}

@website{hallway,
title={http://www.nngroup.com/articles/why-you-only-need-to-test-with-5-users/ Access Date 11/09/2015}
}
@article{baltsavias2004object,
  title={Object extraction and revision by image analysis using existing geodata and knowledge: current status and steps towards operational systems},
  author={Baltsavias,},
  journal={ISPRS Journal of Photogrammetry and Remote Sensing},
  volume={58},
  number={3},
  pages={129--151},
  year={2004},
  publisher={Elsevier}
}
@book{ware2013information,
  title={Information visualization: perception for design},
  author={Ware, Colin},
  year={2013},
  publisher={Elsevier}
}
@article{smith1996intercomparison,
  title={An intercomparison study of NEXRAD precipitation estimates},
  author={Smith, James and Seo, Dong Jun and Baeck, Mary Lynn and Hudlow, Michael},
  journal={Water Resources Research},
  volume={32},
  number={7},
  pages={2035--2045},
  year={1996},
  publisher={Wiley Online Library}
}
@article{de2006opengis,
  title={OpenGIS web map server implementation specification},
  author={de La Beaujardiere, Jeff},
  journal={Open Geospatial Consortium Inc., OGC},
  pages={06--042},
  year={2006}
}
@article{leyshon1993restructuring,
  title={The restructuring of the UK 
  financial services industry in the 
  1990s: a reversal of fortune?},
  author={Leyshon, Andrew and Thrift, Nigel},
  journal={Journal of Rural Studies},
  volume={9},
  number={3},
  pages={223--241},
  year={1993},
  publisher={Elsevier}
}
@article{williamson1979transaction,
  title={Transaction-cost economics:
  the governance of contractual relations},
  author={Williamson, Oliver},
  journal={Journal of law and economics},
  pages={233--261},
  year={1979},
  publisher={JSTOR}
}
@article{council2005transaction,
  title={http://www.tpc.org Access Date 11/05/2014}
}
@article{axelsson2000generation,
  title={DEM generation from laser scanner data using adaptive TIN models},
  author={Axelsson, Peter},
  journal={International Archives of Photogrammetry and Remote Sensing},
  volume={33},
  number={B4/1; PART 4},
  pages={111--118},
  year={2000},
  publisher={INTERNATIONAL SOCIETY FOR PHOTOGRAMMETRY \& REMOTE}
}
@book{fowler2002patterns,
  title={Patterns of enterprise application architecture},
  author={Fowler, Martin},
  year={2002},
  publisher={Addison-Wesley Longman Publishing Co., Inc.}
}
@incollection{van2003business,
  title={Business process management: A survey},
  author={Van Der Aalst, Mathias},
  booktitle={Business process management},
  pages={1--12},
  year={2003},
  publisher={Springer}
}
@article{aguilar2004business,
  title={Business process modelling: Review and framework},
  author={Aguilar, Sara},
  journal={International Journal of production economics},
  volume={90},
  number={2},
  pages={129--149},
  year={2004},
  publisher={Elsevier}
}
@article{cormode2008key,
  title={Key differences between Web 1.0 and Web 2.0},
  author={Cormode, Graham and Krishnamurthy, Balachander},
  journal={First Monday},
  volume={13},
  number={6},
  year={2008}
}
@article{bizer2009linked,
  title={Linked data-the story so far},
  author={Bizer, Christian and Heath, Tom and Berners-Lee, Tim},
  journal={International journal on semantic web and information systems},
  volume={5},
  number={3},
  pages={1--22},
  year={2009}
}
@website{linkeddata1,
title={http://lod-cloud.net/ Access Date 11/10/2014}
}
@article{keim2002information,
  title={Information visualization and visual data mining},
  author={Keim, Daniel},
  journal={Visualization and Computer Graphics, IEEE Transactions on},
  volume={8},
  number={1},
  pages={1--8},
  year={2002},
  publisher={IEEE}
}
@inproceedings{grundy2009visualisation,
  title={Visualisation of sensor data from animal movement},
  author={Grundy, Edward and Jones, Mark W and Laramee, Robert S and Wilson, Rory P and Shepard, Emily LC},
  booktitle={Computer Graphics Forum},
  volume={28},
  number={3},
  pages={815--822},
  year={2009},
  organization={Wiley Online Library}
}
@inproceedings{mccurley2001geospatial,
  title={Geospatial mapping and navigation of the web},
  author={McCurley, Kevin },
  booktitle={Proceedings of the 10th international conference on World Wide Web},
  pages={221--229},
  year={2001},
  organization={ACM}
}
@article{avons1980visualization,
  title={Visualization and memorization as a function of display time and poststimulus processing time.},
  author={Avons, and Phillips,},
  journal={Journal of Experimental Psychology: Human Learning and Memory},
  volume={6},
  number={4},
  pages={407},
  year={1980},
  publisher={American Psychological Association}
}

@inproceedings{park2014crowdfill,
  title={Crowdfill: Collecting structured data from the crowd},
  author={Park, Hyunjung and Widom, Jennifer},
  booktitle={Proceedings of the 2014 ACM SIGMOD international conference on Management of data},
  pages={577--588},
  year={2014},
  organization={ACM}
}


@article{kim2015dynamic,
  title={Dynamic patterns of industry convergence: Evidence from a large amount of unstructured data},
  author={Kim, Namil and Lee, Hyeokseong and Kim, Wonjoon and Lee, Hyunjong and Suh, Jong Hwan},
  journal={Research Policy},
  year={2015},
  publisher={Elsevier}
}
@article{mansmann2014discovering,
  title={Discovering OLAP dimensions in semi-structured data},
  author={Mansmann, Svetlana and Rehman, Nafees Ur and Weiler, Andreas and Scholl, Marc H},
  journal={Information Systems},
  volume={44},
  pages={120--133},
  year={2014},
  publisher={Elsevier}
}
@article{ondov2011interactive,
  title={Interactive metagenomic visualization in a Web browser},
  author={Ondov, Brian D and Bergman, Nicholas H and Phillippy, Adam M},
  journal={BMC bioinformatics},
  volume={12},
  number={1},
  pages={385},
  year={2011},
  publisher={BioMed Central Ltd}
}
@article{heer2008graphical,
  title={Graphical histories for visualization: Supporting analysis, communication, and evaluation},
  author={Heer, Jeffrey and Mackinlay, Jock D and Stolte, Chris and Agrawala, Maneesh},
  journal={Visualization and Computer Graphics, IEEE Transactions on},
  volume={14},
  number={6},
  pages={1189--1196},
  year={2008},
  publisher={IEEE}
}
@article{jankun2007model,
  title={A model and framework for visualization exploration},
  author={Jankun-Kelly, TJ and Ma, Kwan-Liu and Gertz, Michael},
  journal={Visualization and Computer Graphics, IEEE Transactions on},
  volume={13},
  number={2},
  pages={357--369},
  year={2007},
  publisher={IEEE}
}
@book{nielsen1994usability,
  title={Usability engineering},
  author={Nielsen, Jakob},
  year={1994},
  publisher={Elsevier}
}

@article{lund2001measuring,
  title={Measuring usability with the USE questionnaire},
  author={Lund, Arnold M},
  journal={Usability interface},
  volume={8},
  number={2},
  pages={3--6},
  year={2001}
}